@Book{Nielsen:2015,
  author = 	 {Michael A. Nielsen},
  ALTeditor = 	 {},
  title = 	 {Neural Networks and Deep Learning},
  publisher = 	 {Determination Press},
  year = 	 {2015}
}


@Book{GonzWood:02,
  author =       "R. C. Gonzalez and R. E. Woods",
  title =        "Digital Image Processing",
  publisher =    "Addison-Wesley Publishing Company",
  year =         "2002",
  edition =      {Second}  
}

@Article{	  1997:BarDoughTom,
  author	= "J. Barrera and E. R. Dougherty and N. S. Tomita",
  title		= "{Automatic Programming of Binary Morphological Machines by
		  Design of Statistically Optimal Operators in the Context of
		  Computational Learning Theory}",
  journal	= "Electronic Imaging",
  year		= "1997",
  volume	= "6",
  number	= "1",
  optmonth	= "January",
  pages		= "54-67",
}

@Article{	  2000:BarTerHirHir,
  author	= {J. Barrera and R. Terada and R. {Hirata Jr} and N. S. T.
		  Hirata},
  title		= {{Automatic Programming of Morphological Machines by PAC
		  Learning}},
  journal	= {Fundamenta Informaticae},
  year		= {2000},
  volume	= {41},
  pages		= {229-258},
  number	= {1-2},
  optmonth	= {January},
  anote		= {Also published in Mathematical Morphology (J. Goutsias and
		  H. J. A. M. Heijmans, Eds.), IOS Press, 2000},
  ident		= {[ BarTerHirHir:00;NINA;RHJ;NLIP ]}
}

@InProceedings{	  2005:nina:a,
  author	= {N. S. T. Hirata},
  title		= {Binary Image Operator Design Based on Stacked
		  Generalization},
  booktitle	= {Proceedings of the SIBGRAPI 2005},
  pages		= {63-70},
  year		= {2005},
  editor	= {A. C. Frery and M. A. F. Rodrigues}
}

@Article{	  2009:Nina,
  author	= {Nina S. T. Hirata},
  title		= {Multilevel Training of Binary Morphological Operators},
  journal	= {IEEE Transactions on Pattern Analysis and Machine
		  Intelligence},
  year		= {2009},
  volume	= {31},
  number	= {4},
  pages		= {707-720},
  month		= {April}
} 

@InProceedings{	  2009:nina:a,
  author	= {B. Klava and N. S. T. Hirata},
  title		= {Interactive image segmentation with integrated use of the
		  markers and the hierarchical watershed approaches},
  booktitle	= {Proceedings of the Fourth International Conference on
		  Computer Vision Theory and Applications},
  pages		= {186-193},
  year		= {2009}
}

@Article{	  2010:carlos,
  author	= {Carlos S. Santos and Nina S. T. Hirata and Roberto {Hirata
		  Jr.}},
  title		= {An Information Theory framework for two-stage binary image
		  operator design},
  journal	= {Pattern Recognition Letters},
  year		= {2010},
  volume	= {31},
  number	= {4},
  pages		= {297-306}
} 

@InProceedings{	  2012:NinaWIP,
  author	= {I. S. Montagner and Roberto {Hirata Jr} and Nina S. T.
		  Hirata},
  title		= {{TRIOS - an open source toolbox for training image
		  operators from samples}},
  year		= {2012},
  optmonth	= {august},
  booktitle	= {Workshop of Works in Progress (WIP) in SIBGRAPI 2012 (XXV
		  Conference on Graphics, Patterns and Images)},
  editor	= {Denise Guliato and Thales Vieira},
  optaddress	= {Ouro Preto, MG, Brazil},
  url		= {http://www.decom.ufop.br/sibgrapi2012/index.php/call/wip}
}

@InProceedings{	  2016:IgorICIP,
  author	= {I. S. Montagner and N. S. T. Hirata and R. {Hirata Jr} and
		  S. Canu},
  title		= {{NILC}: a two level learning algorithm with operator
		  selection},
  booktitle	= {IEEE International Conference on Image Processing (ICIP)},
  year		= {2016},
  pages		= {1873-1877},
  doi		= {10.1109/ICIP.2016.7532683},
  optmonth	= {Sept}
}

@InProceedings{	  2016:IgorSIB,
  author	= {Igor S. Montagner and Roberto {Hirata Jr} and Nina S. T.
		  Hirata and St\'{e}phane Canu},
  title		= {Kernel approximations for W-operator learning},
  booktitle	= {Conference on Graphics, Patterns and Images (SIBGRAPI)},
  year		= {2016},
  pages		= {386-393},
}

@InProceedings{	  2016:tutorialSIB,
  author	= {Igor S. Montagner and Nina S. T. Hirata and R. {Hirata
		  Jr.}},
  title		= {Image operator learning and applications},
  booktitle	= {Conference on Graphics, Patterns and Images Tutorials
		  (SIBGRAPI-T)},
  year		= {2016},
  pages		= {38-50}
}

@InProceedings{	  2014:igoricpr,
  author	= {I. S. Montagner and R. {Hirata Jr.} and N. S. T. Hirata},
  title		= {A Machine Learning based Method for Staff Removal},
  booktitle	= {22nd International Conference on Pattern Recognition
		  (ICPR)},
  pages		= {3162 - 3167},
  year		= {2014}
}

@InProceedings{2017:FrankICDAR,
  author = 	 {Frank D. Julca-Aguilar and Nina S. T. Hirata},
  title = 	 {Image operator learning coupled with CNN
                  classification and its application to staff line
                  removal},
  booktitle = {Submitted},
  year = 	 {2017}
}


@InProceedings{2017:Sib,
  author = 	 {F. D. Julca-Aguilar and Ana L. M. Maia and N. S. T. Hirata},
  title = 	 {Text/non-text classification of connected components in document images},
  booktitle = {30th Conference on Graphics, Patterns and Images (SIBGRAPI)},
  pages={450-455},
  year = 	 {2017}
}

@InProceedings{2018:DASFrank,
  author = 	 {Frank D. Julca-Aguilar and N. S. T. Hirata},
  title = 	 {Symbol detection in online handwritten graphics using {Faster R-CNN}},
  booktitle = {Proceedings of DAS},
  year = 	 {2018},
}

@article{Achanta:2012,
 author = {Achanta, Radhakrishna and Shaji, Appu and Smith, Kevin and Lucchi, Aurelien and Fua, Pascal and Susstrunk, Sabine},
 title = {SLIC Superpixels Compared to State-of-the-Art Superpixel Methods},
 journal = {IEEE Trans. Pattern Anal. Mach. Intell.},
 issue_date = {November 2012},
 volume = {34},
 number = {11},
 month = nov,
 year = {2012},
 issn = {0162-8828},
 pages = {2274--2282},
 numpages = {9},
 url = {http://dx.doi.org/10.1109/TPAMI.2012.120},
 doi = {10.1109/TPAMI.2012.120},
 acmid = {2377556},
 publisher = {IEEE Computer Society},
 address = {Washington, DC, USA},
 keywords = {Superpixels, segmentation, clustering, k-means},
}

@inproceedings{AlexNet,
 author = {Krizhevsky, Alex and Sutskever, Ilya and Hinton, Geoffrey E.},
 title = {{ImageNet Classification with Deep Convolutional Neural Networks}},
 booktitle = {Proceedings of the 25th International Conference on Neural Information Processing Systems - Volume 1},
 series = {NIPS'12},
 year = {2012},
 location = {Lake Tahoe, Nevada},
 pages = {1097--1105},
 numpages = {9},
 acmid = {2999257},
 publisher = {Curran Associates Inc.},
 address = {USA},
}

@article{BanBar:91,
  author  = "G. J. F. Banon and J. Barrera",
  title   = "{Minimal Representations for Translation-Invariant Set
             Mappings by Mathematical Morphology}",
  journal = "SIAM J. Applied Mathematics",
  year    = "1991",
  month   = "December",
  volume  = "51",
  number  = "6",
  pages   = "1782-1798",
}

@article{Bengio:2009,
 author = {Bengio, Yoshua},
 title = {Learning Deep Architectures for {AI}},
 journal = {Found. Trends Mach. Learn.},
 issue_date = {January 2009},
 volume = {2},
 number = {1},
 month = jan,
 year = {2009},
 issn = {1935-8237},
 pages = {1--127},
 numpages = {127},
 url = {http://dx.doi.org/10.1561/2200000006},
 doi = {10.1561/2200000006},
 acmid = {1658424},
 publisher = {Now Publishers Inc.},
 address = {Hanover, MA, USA},
}

@book{Costa:2000,
 author = {Costa, Luciano da Fontoura Da and Cesar,Jr., Roberto Marcondes},
 title = {Shape Analysis and Classification: Theory and Practice},
 year = {2000},
 isbn = {0849334934},
 edition = {1st},
 publisher = {CRC Press, Inc.},
 address = {Boca Raton, FL, USA},
}

@INPROCEEDINGS{Csurka:04,
    author = {Gabriella Csurka and Christopher R. Dance and Lixin Fan and Jutta Willamowski and C\'{e}dric Bray},
    title = {Visual categorization with bags of keypoints},
    booktitle = {In Workshop on Statistical Learning in Computer Vision, ECCV},
    year = {2004},
    pages = {1--22}
}


@article{Dough:92a,
  author  = "E. R. Dougherty",
  title   = "{Optimal Mean-Square N-Observation Digital
             Morphological Filters I. Optimal Binary Filters}",
  journal = "CVGIP: Image Understanding",
  year    = "1992",
  month   = "January",
  volume  = "55",
  number  = "1",
  pages   = "36-54"
}

@ARTICLE{EfficientDNN,
author={V. Sze and Y. H. Chen and T. J. Yang and J. S. Emer},
journal={Proceedings of the IEEE},
title={Efficient Processing of Deep Neural Networks: A Tutorial and Survey},
year={2017},
volume={105},
number={12},
pages={2295-2329},
keywords={artificial intelligence;computational complexity;neural nets;DNN hardware designs;DNN hardware implementations;artificial intelligence;computation cost reduction;computational complexity;deep neural networks;energy efficiency;hardware architecture;hardware cost;hardware design changes;hardware platforms;Artificial intelligence;Benchmark testing;Biological neural networks;Computer architecture;Convolutional neural networks;Machine learning;Neural networks;Neurons;Tutorials;ASIC;VLSI;computer architecture;convolutional neural networks;dataflow processing;deep learning;deep neural networks;energy-efficient accelerators;low power;machine learning;spatial architectures},
doi={10.1109/JPROC.2017.2761740},
ISSN={0018-9219},
month={Dec},}

@book{Goodfellow-et-al-2016,
    title={Deep Learning},
    author={Ian Goodfellow and Yoshua Bengio and Aaron Courville},
    publisher={MIT Press},
    note={\url{http://www.deeplearningbook.org}},
    year={2016}
}

@book{Guyon:2006,
 author = {Guyon, Isabelle and Gunn, Steve and Nikravesh, Masoud and Zadeh, Lotfi A.},
 title = {Feature Extraction: Foundations and Applications},
 year = {2006},
 isbn = {3540354875},
 publisher = {Springer-Verlag New York, Inc.},
 address = {Secaucus, NJ, USA},
}


@Book{Hastie:2009,
  author = 	 {Trevor Hastie and Robert Tibshirani and Jerome Friedman},
  title = 	 {The Elements of Statistical Learning: Data Mining, Inference, and Prediction},
  publisher = 	 {Springer},
  year = 	 {2009},
  edition = 	 {Second}
}

@book{Heij:94,
  author  =     "H. J. A. M. Heijmans",
  title  =      "Morphological Image Operators",
  year  =       "1994",
  address =     "Boston",
  publisher  =  "Academic Press"
} 

@Article{HirDouBar:99b,
  author =       "R. {Hirata Jr.} and E. R. Dougherty and J. Barrera",
  title =        "{Aperture Filters}",
  journal =      "Signal Processing",
  year =         {2000},
  volume =       "80",
  number =       "4",
  month =        "April",
  pages =        "697-721"
}



@INPROCEEDINGS{Kumar:2014,
  author={Kumar, G. and Bhatia, P.K.},
  booktitle={Fourth International Conference on Advanced Computing Communication Technologies (ACCT)},
  title={A Detailed Review of Feature Extraction in Image Processing Systems},
  year={2014},
  pages={5-12},
  keywords={feature extraction;image classification;optical character recognition;character recognition application;feature extraction;image classification;image processing systems;image recognition;Character recognition;Data mining;Feature extraction;Shape;Transforms;Vectors;Feature Extraction;Image Processing;Optical Character Recognition (OCR);Pattern Recognition}
}


@Book{Kuncheva:2004,
  author = 	 {Ludmila I. Kuncheva},
  title = 	 {Combining Pattern Classifiers: Methods and Algorithms},
  publisher = 	 {Wiley},
  year = 	 {2004}
} 




@Book{Lotufo:03,
  author = 	 {E. R. Dougherty and R. A. Lotufo},
  title = 	 {Hands-on Morphological Image Processing},
  publisher = 	 {SPIE Press},
  year = 	 {2003}
} 


@article{Mairal:2014,
 author = {Mairal, Julien and Bach, Francis and Ponce, Jean},
 title = {Sparse Modeling for Image and Vision Processing},
 journal = {Found. Trends. Comput. Graph. Vis.},
 issue_date = {12 2014},
 volume = {8},
 number = {2-3},
 month = dec,
 year = {2014},
 issn = {1572-2740},
 pages = {85--283},
 numpages = {199},
 url = {http://dx.doi.org/10.1561/0600000058},
 doi = {10.1561/0600000058},
 acmid = {2747301},
 publisher = {Now Publishers Inc.},
 address = {Hanover, MA, USA},
}

@article{Naegel:2007,
 author = {Naegel, Beno\'{\i}t and Passat, Nicolas and Ronse, Christian},
 title = {Grey-level hit-or-miss transforms-Part I: Unified theory},
 journal = {Pattern Recogn.},
 volume = {40},
 number = {2},
 year = {2007},
 pages = {635--647},
 numpages = {13},
 pdf={OK2007_Naegel_Passat_Ronse_grayHMT.pdf}
}

@article{OJALA1996,
title = "A comparative study of texture measures with classification based on fe
atured distributions",
journal = "Pattern Recognition",
volume = "29",
number = "1",
pages = "51 - 59",
year = "1996",
note = "",
issn = "0031-3203",
doi = "http://dx.doi.org/10.1016/0031-3203(95)00067-4",
url = "http://www.sciencedirect.com/science/article/pii/0031320395000674",
author = "Timo Ojala and Matti Pietik{\"{a}}inen and David Harwood",
}

@Book{Prince:2012,
  author = 	 {Simon D. J. Prince},
  ALTeditor = 	 {},
  title = 	 {Computer Vision -- Models, Learning and Inference},
  publisher = 	 {Cambridge},
  year = 	 {2012},
  OPTkey = 	 {},
  OPTvolume = 	 {},
  OPTnumber = 	 {},
  OPTseries = 	 {},
  OPTaddress = 	 {},
  OPTedition = 	 {},
  OPTmonth = 	 {},
  OPTnote = 	 {},
  OPTannote = 	 {}
}

@Book{Serra:82,
  author =       "J. Serra",
  title =        "Image Analysis and Mathematical Morphology",
  publisher =    "Academic Press",
  year =         "1982",
}

@book{Soille:2003,
  author = "P.~Soille",
  title = "Morphological Image Analysis",
  subtitle = "Principles and Applications",
  publisher = "Springer-Verlag",
  year = 2003,
  edition = 	 {2nd},
  address = "Berlin"
}




@Book{Szeliski:2011,
  author = 	 {R. Szeliski},
  title = 	 {Computer Vision -- Algorithms and Applications},
  publisher = 	 {Springer},
  year = 	 {2011},
  OPTkey = 	 {},
  OPTvolume = 	 {},
  OPTnumber = 	 {},
  OPTseries = 	 {},
  OPTaddress = 	 {},
  OPTedition = 	 {},
  OPTmonth = 	 {},
  OPTnote = 	 {},
  OPTannote = 	 {}
}


@ARTICLE{Tan:2010,
author={X. Tan and B. Triggs},
journal={IEEE Transactions on Image Processing},
title={Enhanced Local Texture Feature Sets for Face Recognition Under Difficult Lighting Conditions},
year={2010},
volume={19},
number={6},
pages={1635-1650},
ISSN={1057-7149},
month={June},}

@ARTICLE{Tosic:2011,
author={Tosic, I. and Frossard, P.},
journal={IEEE Signal Processing Magazine},
title={Dictionary Learning},
year={2011},
volume={28},
number={2},
pages={27-38},
keywords={dictionaries;engineering education;dictionary learning;high dimensional data sets;multisensor data;objective function;relevant information;task-specific representation;Approximation algorithms;Approximation methods;Dictionaries;Encoding;Learning systems;Sensors;Signal processing algorithms},
doi={10.1109/MSP.2010.939537},
ISSN={1053-5888},
month={March},}

@article{Tuytelaars:2008,
 author = {Tuytelaars, Tinne and Mikolajczyk, Krystian},
 title = {Local Invariant Feature Detectors: A Survey},
 journal = {Found. Trends. Comput. Graph. Vis.},
 issue_date = {January 2008},
 volume = {3},
 number = {3},
 month = jul,
 year = {2008},
 issn = {1572-2740},
 pages = {177--280},
 numpages = {104},
 url = {http://dx.doi.org/10.1561/0600000017},
 doi = {10.1561/0600000017},
 acmid = {1391082},
 publisher = {Now Publishers Inc.},
 address = {Hanover, MA, USA},
}

@inproceedings{ViolaJones:2001,
  author    = {Paul A. Viola and Michael J. Jones},
  title     = {Rapid Object Detection using a Boosted Cascade of Simple
               Features},
  booktitle = {IEEE Computer Society Conference on Computer Vision
               and Pattern Recognition (CVPR)},
  year      = {2001},
  pages     = {511-518}
}

@Book{Yaser:2012,
  author = 	 {Yaser S. Abu-Mostafa and Hsuan-Tien Lin and Malik Magdon-Ismail},
  title = 	 {Learning From Data},
  publisher = 	 {AMLBook},
  year = 	 {2012}
}

@article{bengio2013representation,
  title={Representation learning: A review and new perspectives},
  author={Bengio, Yoshua and Courville, Aaron and Vincent, Pierre},
  journal={IEEE Transactions on Pattern Analysis and Machine Intelligence},
  volume={35},
  number={8},
  pages={1798--1828},
  year={2013},
  publisher={IEEE}
}

@misc{ stanford:cnn,
	author = "{Andrej Karpathy}",
	title = "Convolutional Neural Networks for Visual Recognition - Course Notes",
	year = "2019",
	howpublished = "\url{http://cs231n.github.io/}",
	note = "[Online; acessado em 29 de junho de 2019]"
}

@misc{ wiki:confusion,
	author = "{Wikipedia contributors}",
	title = "Confusion matrix --- {Wikipedia}{,} The Free Encyclopedia",
	year = "2019",
	howpublished = "\url{https://en.wikipedia.org/w/index.php?title=Confusion_matrix&oldid=903456530}",
	note = "[Online; acessado em 29 de junho de 2019]"
}

@misc{wiki:acc,
	author = "{Wikipedia contributors}",
	title = "Accuracy and precision --- {Wikipedia}{,} The Free Encyclopedia",
	year = "2019",
	howpublished = "\url{https://en.wikipedia.org/w/index.php?title=Accuracy_and_precision&oldid=903429731}",
	note = "[Online; acessado em 29 de junho de 2019]"
}

@misc{ wiki:pre,
	author = "{Wikipedia contributors}",
	title = "Precision and recall --- {Wikipedia}{,} The Free Encyclopedia",
	year = "2019",
	howpublished = "\url{https://en.wikipedia.org/w/index.php?title=Precision_and_recall&oldid=900147451}",
	note = "[Online; acessado em 29 de junho de 2019]"
}

